@misc{GriffithsDavidJ1995Itqm,
publisher = {Prentice Hall},
isbn = {0131244051},
year = {1995},
title = {Introduction to quantum mechanics},
language = {eng},
address = {Upper Saddle River, N.J},
author = {Griffiths, David J},
keywords = {Quantum theory; Kvanteteori; Kvantemekanikk; Kvanteteori; kvantemekanikk; kvanteteori; lærebøker},
}

@misc{project1,
year = {2020},
title = {Project 1},
author = {Reinertsen, Vilde M},
}
